@online{website_example,
  author       = {Stack Exchange},
  title        = {Shor to log discrete},
  year         = {2016},
  url          = {https://crypto.stackexchange.com/questions/37018/using-shors-algorithm-to-solve-the-discrete-logarithm-problem/37028#37028},
  note         = {Accessed: 2025-01-04}
}

@article{boneh2020graduate,
  title={A graduate course in applied cryptography},
  author={Boneh, Dan and Shoup, Victor},
  journal={Draft 0.5},
  year={2020}
}